% This file was created with JabRef 2.8.1.
% Encoding: windows-1252


@PHDTHESIS{Henrich1993,
  author = {Lutz-Stefan Henrich},
  title = {Theoretische und experimentelle {U}ntersuchungen zum {R}ichtwalzen von
	{B}lechen},
  school = {Fachbereich Maschinentechnik, Universität-Gesamthochschule Siegen},
  year = {1993},
  keywords = {Richtwalzen, Planheitsfehler, Elasto-plastische Biegeumformung, Eigenspannungen,
	Optimale Prozessparameter, Prozessmodell, Optimierungsalgorithmus},
  owner = {bm},
language = {german},
  timestamp = {2008.09.02l}
}

@BOOK{Witte1970,
  title = {Untersuchung über das Walzrichten von Metallbändern mit symmetrisch
	angestellter Fünf-Walzen-Richtmaschine},
  publisher = {Verlag W. Girardet},
  year = {1970},
  author = {Witte, Hans-Dietrich},
  series = {Berichte aus dem Institut für Umformtechnik, Universität Stuttgart},
  address = {Essen},
  keywords = {Walzrichten, Richten, Biegevorgang, analytical model},
  language = {german},
  owner = {Michael Baumgart},
  school = {Universitaet Stuttgart, Institut für Umformtechnik},
  timestamp = {2008.10.28}
}

@comment{jabref-meta: selector_publisher:}

@comment{jabref-meta: selector_author:}

@comment{jabref-meta: selector_journal:}

@comment{jabref-meta: selector_keywords:}

