% Encoding: windows-1252

@Article{AIT-146558,
  author  = {Gl{\"u}ck, Tobias and Blank, Mathias and B{\"u}chl, Dominik and Kugi, Andreas},
  journal = {IEEE Transactions on Control Systems Technology},
  title   = {Convex Constrained Iterative Learning Control Using Projection: Application to a Smart Power Switch},
  year    = {2018},
  number  = {26},
  pages   = {1818--1825},
  volume  = {5},
}

@Article{AIT-146335,
  author  = {Hartl-Nesic, Christian and Bischof, Bernhard and Gl{\"u}ck, Tobias and Kugi, Andreas},
  journal = {at - Automatisierungstechnik},
  title   = {Pfadfolgeregelung mit Konzepten f{\"u}r den Pfadfortschritt: Ein Assemblierungsszenario},
  year    = {2020},
  number  = {Heft 1},
  pages   = {44--57},
  volume  = {68},
  doi     = {10.1515/auto-2019-0114},
}

@InProceedings{AIT-146187,
  author    = {Weingartshofer, Thomas and Schwegel, Michael and Hartl-Nesic, Christian and Gl{\"u}ck, Tobias and Kugi, Andreas},
  booktitle = {Proceedings of the 8th IFAC Symposium on Mechatronic Systems},
  title     = {Collaborative Synchronization of a 7-Axis Robot},
  year      = {2019},
  note      = {Vortrag: 8th IFAC Symposium on Mechatronic Systems, Vienna, Austria; 2019-09-04 -- 2019-09-06},
  pages     = {507--512},
  issn      = {2405-8963},
}

@InProceedings{AIT-146186,
  author    = {B{\"u}chl, Dominik and Kemmetm{\"u}ller, Wolfgang and Gl{\"u}ck, Tobias and Deutschmann, B. and Kugi, Andreas},
  booktitle = {Proceedings of the 8th IFAC Symposium on Mechatronic Systems},
  title     = {Optimal Current Slew Rate Control for a Three-Phase MOSFET Inverter Driving a PMSM},
  year      = {2019},
  note      = {Vortrag: 8th IFAC Symposium on Mechatronic Systems, Vienna, Austria; 2019-09-04 -- 2019-09-06},
  pages     = {85--90},
  issn      = {2405-8963},
}

@InProceedings{AIT-146185,
  author    = {Hartl-Nesic, Christian and Kretschmer, Jens and Schwegel, Michael and Gl{\"u}ck, Tobias and Kugi, Andreas},
  booktitle = {Proceedings of the 8th IFAC Symposium on Mechatronic Systems},
  title     = {Swing-Up of a Spherical Pendulum on a 7-Axis Industrial Robot},
  year      = {2019},
  note      = {Vortrag: 8th IFAC Symposium on Mechatronic Systems, Vienna, Austria; 2019-09-04 -- 2019-09-06},
  pages     = {346--351},
  issn      = {2405-8963},
}

@InProceedings{AIT-146013,
  author    = {Zips, Patrik and Lobe, Amadeus Cosimo and Trachte, Adrian and Kugi, Andreas},
  booktitle = {Proceedings of the 2019 IEEE 58th Conference on Decision and Control (CDC)},
  title     = {Torque Control of a Hydrostatic Transmission Applied to a Wheel Loader},
  year      = {2019},
  note      = {Vortrag: 2019 IEEE 58th Conference on Decision and Control (CDC), Nice, France; 2019-12-11 -- 2019-12-13},
  pages     = {4273--4279},
  isbn      = {978-1-7281-1397-5},
}

@InProceedings{AIT-145989,
  author    = {Bischof, Bernhard and Kugi, Andreas},
  booktitle = {Proceedings of the 11th IFAC Symposium on Nonlinear Control Systems},
  title     = {Dynamic Virtual Fixtures Based on Path Following Control},
  year      = {2019},
  note      = {Vortrag: 11th IFAC Symposium on Nonlinear Control Systems, Vienna, Austria; 2019-09-04 -- 2019-09-06},
  pages     = {424--429},
  issn      = {2405-8963},
}

@InProceedings{AIT-145984,
  author    = {Gurtner, Markus and Zips, Patrik and Atak, Muhammed and Ophey, Julian and Kugi, Andreas},
  booktitle = {Proceedings of the 8th IFAC Symposium on Mechatronic Systems},
  title     = {Improved EMD-based Oscillation Detection for Mechatronic Closed-Loop Systems},
  year      = {2019},
  note      = {Vortrag: 8th IFAC Symposium on Mechatronic Systems, Vienna, Austria; 2019-09-04 -- 2019-09-06},
  pages     = {370--375},
  issn      = {2405-8963},
}

@Unpublished{AIT-145737,
  author   = {Gl{\"u}ck, Tobias and Kugi, Andreas and Steinb{\"o}ck, Andreas},
  note     = {Vorlesung: TU Wien, Institut f{\"u}r Automatisierungs- und Regelungstechnik, Wien; 2019-10-03 -- 2020-01-23},
  title    = {Fortgeschrittene Methoden der nichtlinearen Regelung},
  year     = {2019},
  keywords = {Regelungstechnik},
}

@Article{AIT-145690,
  author  = {B{\"u}chl, Dominik and Kemmetm{\"u}ller, Wolfgang and Gl{\"u}ck, Tobias and Deutschmann, B. and Kugi, Andreas},
  journal = {Mathematical And Computer Modelling Of Dynamical Systems},
  title   = {A dynamic model of power metal-oxide-semiconductor field-effect transistor half-bridges for the fast simulation of switching induced electromagnetic emissions},
  year    = {2019},
  number  = {3},
  pages   = {242--260},
  volume  = {25},
  doi     = {10.1080/13873954.2019},
}

@Unpublished{AIT-145460,
  author = {Kugi, Andreas},
  note   = {Vortrag: 18th IFAC Symposium on Control, Optimization and Automation in Mining, Mineral and Metal Processing (MMM 2019), Stellenbosch, South Africa; 2019-08-28 -- 2019-08-30},
  title  = {Advanced Process Control in the Steel Industry},
  year   = {2019},
}

@Unpublished{AIT-144906,
  author = {Kugi, Andreas},
  note   = {Vortrag: Artificial Intelligence Symposium am AIT, Wien; 2019-04-02 -- 2019-04-03},
  title  = {AI - How will it change industrial automation?},
  year   = {2019},
}

@Unpublished{AIT-144905,
  author = {Kugi, Andreas},
  note   = {Vortrag: 33. ASK Umformtechnik, Aachen; 2019-03-28 -- 2019-03-29},
  title  = {Advance model-based control for rolling of flat products},
  year   = {2019},
}

@Article{AIT-144111,
  author  = {Bischof, Bernhard and Gl{\"u}ck, Tobias and B{\"o}ck, M. and Kugi, Andreas},
  journal = {IEEE Transactions on Robotics},
  title   = {A Path/Surface Following Control Approach to Generate Virtual Fixtures},
  year    = {2018},
  number  = {34},
  pages   = {1577--1592},
  volume  = {6},
  doi     = {10.1109/TRO.2018.2861913},
}

@Book{AIT-144110,
  editor    = {Pfeffer, Andreas},
  publisher = {Shaker Verlag},
  title     = {Modelling, Estimation and Control Concepts for Pneumatic Systems},
  year      = {2018},
  address   = {Wien/Linz},
  isbn      = {978-3-8440-6002-7},
  numpages  = {178},
}

@InProceedings{AIT-144109,
  author    = {Lobe, Amadeus Cosimo and Ettl, A. and Steinb{\"o}ck, Andreas and Kugi, Andreas},
  booktitle = {Proceedings of the 12th IFAC Symposium on Robot Control Syroco 2018},
  title     = {Flatness-based nonlinear control of a three-dimensional gantry crane},
  year      = {2018},
  address   = {22/12/51},
  note      = {Vortrag: 12th IFAC Symposium on Robot Control Syroco 2018, Budapest, Hungary; 2018-08-27 -- 2018-08-30},
  pages     = {331--336},
  issn      = {2405-8963},
}

@Unpublished{AIT-143622,
  author = {Kugi, Andreas},
  note   = {eingeladen; Vortrag: Chinese Process Control Conference CPCC 2018, Shenyang, China; 2018-07-27 -- 2018-07-29},
  title  = {Mathematical Modelling and Advanced Process Control for Industrial Applications in the Steel Industry},
  year   = {2018},
}

@Article{AIT-143052,
  author  = {Pfeffer, Andreas and Gl{\"u}ck, Tobias and Schausberger, Florian and Kugi, Andreas},
  journal = {Mechatronics},
  title   = {Control and estimation strategies for pneumatic drives with partial position information},
  year    = {2018},
  pages   = {259--270},
  volume  = {50},
}

@Article{AIT-142969,
  author  = {Strommer, Stephan and Niederer, Martin and Steinb{\"o}ck, Andreas and Kugi, Andreas},
  journal = {Control Engineering Practice},
  title   = {Hierarchical nonlinear optimization-based controller of a continuous strip annealing furnance},
  year    = {2018},
  pages   = {40--55},
  volume  = {73},
}

@InProceedings{AIT-142586,
  author    = {Flixeder, Stefan and Gl{\"u}ck, Tobias and B{\"o}ck, M. and Kugi, Andreas},
  booktitle = {20th IFAC World Congress},
  title     = {Model-Based Signal Processing for the Force Control of Biaxial Grantry Robots},
  year      = {2017},
  address   = {50/1},
  note      = {Vortrag: 20th IFAC World Congress, Toulouse, F; 2017-07-09 -- 2017-07-14},
  publisher = {IFAC},
  issn      = {2405-8963},
  numpages  = {7},
}

@Article{AIT-142387,
  author  = {Flixeder, Stefan and Gl{\"u}ck, Tobias and Kugi, Andreas},
  journal = {Mechatronics},
  title   = {Force-based cooperative handling and lay-up of deformable materials: Mechatronic design, modeling, and control of a demonstrator},
  year    = {2017},
  pages   = {246--261},
  volume  = {47},
}

@InProceedings{AIT-141890,
  author    = {Bischof, Bernhard and Gl{\"u}ck, Tobias and B{\"o}ck, M. and Kugi, Andreas},
  booktitle = {IFAC 2017},
  title     = {Path Following Control for Elastic Joint Robots},
  year      = {2017},
  address   = {50-1},
  note      = {Vortrag: 20th IFAC World Congress, Toulouse, Frankreich; 2017-07-09 -- 2017-07-14},
  pages     = {4806--4811},
  publisher = {Elsevier},
  issn      = {2405-8963},
}

@InProceedings{AIT-141654,
  author    = {Strommer, Stephan and Fr{\"o}hlich, Christoph and Niederer, Martin and Steinb{\"o}ck, Andreas and Kugi, Andreas},
  booktitle = {20th IFAC World Congress},
  title     = {Modeling and Control of the Oxygen Concentration in a Post Combustion Chamber of a Gas-Fired Furnace},
  year      = {2017},
  note      = {Vortrag: 20th IFAC World Congress, Toulouse, F; 2017-07-09 -- 2017-07-14},
  pages     = {14330--14335},
  publisher = {IFAC},
  issn      = {2405-8963},
}

@Article{AIT-141651,
  author  = {Bischof, Bernhard and Gl{\"u}ck, Tobias and Kugi, Andreas},
  journal = {IEEE Transactions on Control Systems Technology},
  title   = {Combined Path Following and Compliance Control for Fully Actuated Rigid Body Systems in 3-D Space},
  year    = {2017},
  number  = {25},
  pages   = {1750--1760},
  volume  = {5},
}

@InProceedings{AIT-140982,
  author    = {Gl{\"u}ck, Tobias and Bischof, Bernhard and Kugi, Andreas},
  booktitle = {NOLCOS 2016},
  title     = {Surface Following Control for Fully Actuated Rigid Body Systems in Three-Dimensional Euclidean Space},
  year      = {2016},
  note      = {Vortrag: 10th IFAC Symposium on Nonlinear Control, Monterey, CA, USA; 2016-08-23 -- 2016-08-25},
  pages     = {594--599},
  publisher = {IFAC},
}

@Comment{jabref-meta: databaseType:bibtex;}
