% Encoding: UTF-8

@Article{eilers1996flexible,
  author  = {P. H. C. Eilers and B. D. Marx},
  journal = {Statistical Science},
  title   = {Flexible Smoothing with $B$-splines and Penalties},
  year    = {1996},
  pages   = {pp. 89--102},
  volume  = {11},
}

@Article{hofner2011monotonicity,
  author  = {Hofner, Benjamin},
  journal = {Ecology},
  title   = {Monotonicity-constrained species distribution models},
  year    = {2011},
  number  = {10},
  pages   = {pp. 1895--1901},
  volume  = {92},
}

@Book{bishop2006patternRecognition,
  author    = {Bishop, Christopher},
  publisher = {New York, NY : Springer},
  title     = {Pattern Recognition and Machine Learning},
  year      = {2006},
}

@Article{golub1979,
  author  = {Golub, Gene H},
  journal = {Technometrics},
  title   = {Generalized Cross-Validation as a Method for Choosing a Good Ridge Parameter},
  year    = {1979},
  number  = {2},
  pages   = {pp. 215--223},
  volume  = {21},
}

@Article{hoerl1970ridge,
  author  = {Hoerl, Arthur E},
  journal = {Technometrics},
  title   = {Ridge regression: Biased estimation for Nonorthogonal Problems},
  year    = {1970},
  number  = {1},
  pages   = {pp. 55--67},
  volume  = {12},
}

@Article{eubank1990regressionsplines,
  author  = {Eubank, Randall L},
  journal = {Journal of the American Statistical Association},
  title   = {Testing the Goodness of Fit of a Linear Model via Nonparametric Regression Techniques},
  year    = {1990},
  number  = {410},
  pages   = {pp. 387--392},
  volume  = {85},
}

@Book{deBoor1978practicalGuideToSplines,
  author    = {De Boor, Carl},
  publisher = {New York, NY : Springer},
  title     = {A practical Guide to Splines},
  year      = {1978},
}

@Article{osullivan1986penalties,
  author  = {O'Sullivan, Finbarr},
  journal = {Statistical Science},
  title   = {A Statistical Perspective on Ill-Posed Inverse Problems},
  year    = {1986},
  number  = {4},
  pages   = {pp. 502--518},
  volume  = {1},
}

@Book{friedman2001elements,
  author    = {Hastie, Trevor and Tibshirani, Robert and Friedman, Jerome},
  publisher = {New York, NY : Springer},
  title     = {The Elements of Statistical Learning},
  year      = {2001},
}

@Book{wood2017generalized,
  author    = {Wood, Simon N},
  publisher = {CRC Press},
  title     = {Generalized Additive Models},
  year      = {2017},
}

@Book{blobel2013statistische,
  author    = {Blobel, Volker},
  publisher = {Wiesbaden, GER : Vieweg+Teubner Verlag},
  title     = {Statistische und numerische Methoden der Datenanalyse},
  year      = {1998},
}

@Book{nelles2013nonlinear,
  author    = {Nelles, Oliver},
  publisher = {Springer-Verlag Berlin Heidelberg},
  title     = {Nonlinear System Identification},
  year      = {2001},
}

@Article{friedman1991multivariate,
  author  = {Friedman, Jerome H},
  journal = {The Annals of Statistics},
  title   = {Multivariate Adaptive Regression Splines},
  year    = {1991},
  number  = {1},
  pages   = {pp. 1--67},
  volume  = {19},
}

@Book{goodfellow2016deep,
  author    = {Goodfellow, Ian and Bengio, Yoshua and Courville, Aaron and Bengio, Yoshua},
  publisher = {Massachusetts, USA : The MIT Press},
  title     = {Deep Learning},
  year      = {2016},
  note      = {\url{http://www.deeplearningbook.org}},
}

@Article{cybenko1989approximation,
  author  = {Cybenko, George},
  journal = {Mathematics of Control, Signals and Systems},
  title   = {Approximation by superpositions of a sigmoidal function},
  year    = {1989},
  pages   = {pp. 303--314},
  volume  = {2},
}

@Article{hornik1991approximation,
  author  = {Hornik, Kurt},
  journal = {Neural Networks},
  title   = {Approximation capabilities of multilayer feedforward networks},
  year    = {1991},
  number  = {2},
  pages   = {pp. 251--257},
  volume  = {4},
}

@Article{abu1990learning,
  author  = {Abu-Mostafa, Yaser S},
  journal = {Journal of Complexity},
  title   = {Learning from hints in neural networks},
  year    = {1990},
  number  = {2},
  pages   = {pp. 192--198},
  volume  = {6},
}

@InProceedings{sill1997monotonicity,
  author    = {Sill, Joseph},
  booktitle = {Advances in Neural Information Processing Systems 9},
  title     = {Monotonicity Hints},
  year      = {1996},
  pages     = {pp. 634--640},
}

@InProceedings{garcia2009lattice,
  author    = {Garcia, Eric},
  booktitle = {Advances in Neural Information Processing Systems 22},
  title     = {Lattice Regression},
  year      = {2009},
  pages     = {594--602},
}

@Article{gupta2016monotonic,
  author  = {Gupta, M},
  journal = {Journal of Machine Learning Research},
  title   = {Monotonic Calibrated Interpolated Look-Up Tables},
  year    = {2016},
  number  = {109},
  pages   = {pp. 1--47},
  volume  = {17},
}

@InProceedings{you2017deep,
  author    = {You, Seungil},
  booktitle = {Advances in Neural Information Processing Systems 31},
  title     = {Deep Lattice Networks and Partial Monotonic Functions},
  year      = {2017},
  pages     = {2985--2993},
}

@InProceedings{fard2016fast,
  author    = {Canini, Kevin},
  booktitle = {Advances in Neural Information Processing Systems 30},
  title     = {Fast and Flexible Monotonic Functions with Ensembles of Lattices},
  year      = {2016},
  pages     = {2927--2927},
}

@InProceedings{dovsilovic2018explainable,
  author       = {Do{\v{s}}ilovi{\'c}, Filip Karlo},
  booktitle    = {International Convention on Information and Communication Technology, Electronics and Microelectronics (MIPRO)},
  title        = {Explainable artificial intelligence: A survey},
  year         = {2018},
  pages        = {pp. 210--215},
}

@Book{ashby1961introduction,
  author    = {Ashby, W Ross},
  publisher = {London, UK : Chapman \& Hall Ltd},
  title     = {An Introduction to Cybernetics},
  year      = {1957},
}

@Book{fahrmeir2007regression,
  author    = {Fahrmeir, Ludwig and Kneib, Thomas and Lang, Stefan and Marx, Brian},
  publisher = {Springer-Verlag Berlin Heidelberg},
  title     = {Regression},
  year      = {2013},
}

@Book{luenberger1984linear,
  author    = {Luenberger, David G and Ye, Yinyu},
  publisher = {Springer International Publishing},
  title     = {Linear and Nonlinear Programming},
  year      = {2016},
}

@Article{bollaerts2006simple,
  author  = {Bollaerts, Kaatje},
  journal = {British Journal of Mathematical and Statistical Psychology},
  title   = {Simple and multiple P-splines regression with shape constraints},
  year    = {2006},
  number  = {2},
  pages   = {pp. 451--469},
  volume  = {59},
}

@InProceedings{slyusar1997analytical,
  author    = {Slyusar, Vadym I},
  booktitle = {Proceedings of International Conference on Antenna Theory and Techniques},
  title     = {Analytical model of the digital antenna array on a basis of face-splitting matrixs product},
  year      = {1997},
  pages     = {pp. 108--109},
}

@Book{mayinger2013stromung,
  author    = {Mayinger, Franz},
  publisher = {Springer-Verlag Wien},
  title     = {Str{\"o}mung und W{\"a}rme{\"u}bergang in Gas-Fl{\"u}ssigkeits-Gemischen},
  year      = {1982},
}

@Book{rasmussen2005GPforML,
  author    = {Rasmussen, Carl Edward and Williams, Christopher K. I.},
  publisher = {Massachusetts, USA : The MIT Press},
  title     = {Gaussian Processes for Machine Learning},
  year      = {2006},
}

@Article{bergmann2019gaussprozessregression,
  author  = {Bergmann, Daniel},
  journal = {at-Automatisierungstechnik},
  title   = {Gau{\ss}prozessregression zur Modellierung zeitvarianter Systeme},
  year    = {2019},
  number  = {8},
  pages   = {pp. 637--647},
  volume  = {67},
}

@Comment{jabref-meta: databaseType:bibtex;}
